@incollection{quadratic-sieve,
  author="Carl Pomerance",
  title="Smooth numbers and the quadratic sieve",
  year="2008",
  publisher="MSRI Publications",
  pages="69--73",
  booktitle="Algorithmic Number Theory",
},
@misc{website:primes,
  author="Chris Caldwell",
  title="3.1: n-1 tests and Pepin's tests for Fermats",
  url="http://primes.utm.edu/prove/prove3_1.html",
},
@inbook{fermat-numbers,
  author="Krizek and more",
  title="17 Lectures on Fermat Numbers",
  chapter="7",
  pages="70--71",
  publisher="Canadian Mathematical Society",
  year="2002",
},
@misc{website:prooth,
  author="Tsz-Wo Sze",
  title="Deterministic Primality Proving on Proth Numbers",
  month="Juli",
  year="2011",
  url="http://arxiv.org/abs/0812.2596"
},
@inbook{number-theory,
  author="William Stein",
  title="Elementary Number Theory - Primes, Congruences and Secrets, A Computational Approach",
  chapter="2",
  pages="38--39",
  publisher="Springer",
  year="2002",
},
