@Book{Torben2011,
  author =    {Torben \AE{}gidius Mogensen},
  title =        {Introduction to Compiler Design},
  publisher =    {Springer},
  year =         {2011},
  address =   {London},
  note =      {Previously available as \cite{TorbenDIKU}},
}


@Book{TorbenDIKU,
  author =    {Torben \AE{}gidius Mogensen},
  title =        {Basics of Compiler Design},
  publisher =    {Self-published},
  year =         {2000-2010},
  address =   {DIKU},
  edition =   {2010 edition},
  note =      {First published 2000. Available at \url{http://www.diku.dk/~torbenm/Basics/}. Will not be updated any more.},
}

@COMMENT I found this one when digging for MIPS information. Actually not great...
@Manual{MIPSWikibook,
title = {{MIPS Assembly}},
key = {MIPS Wiki},
organization = {Wikibooks},
OPTmonth = {accessed Nov.2012},
year = {2012},
note = {\url{http://en.wikibooks.org/wiki/MIPS_Assembly}},
}

@Book{PattersonHennessy,
author = {Patterson,, David A. and Hennessy,, John L.},
title = {Computer Organization \& Design, the Hardware/Software Interface},
publisher = {Morgan Kaufmann},
year = {1998},
note = {Appendix A is freely available at \url{http://www.cs.wisc.edu/~larus/HP_AppA.pdf}},
}


@Misc{Mars,
key = {Mars},
title = {{\textsc{Mars}, a MIPS Assembler and Runtime Simulator}, Version 4.4},
howpublished = {\url{http://courses.missouristate.edu/kenvollmar/mars/}},
year = {2002-2013},
note = {Manual: \url{http://courses.missouristate.edu/KenVollmar/MARS/Help/MarsHelpIntro.html}},
}

@Misc{MoscowML,
key = {{Moscow ML}},
OPTauthor = {},
title = {{Moscow ML} -- a light-weight implementation of {Standard ML (SML)}},
howpublished = {\url{http://mosml.org}},
year = {2013},
note = {New release 2.10 in 2013 with substantial improvements.},
}

@Unpublished{MipsModule,
  title =     {{MIPS, Register Allocation and MARS simulator}},
  author =    {Jost Berthold},
  organization = {DIKU},
  year =      {2013},
  note =      {Based on an earlier version in Danish, by Torben Mogensen. Available on Absalon.},
}
